2819 3421
1263 72 1607 106 -xn—

226 210 398 250 tamen
444 201 510 251 ad
552 209 762 251 aetatem
797 201 1075 252 Trinummi
1118 176 1513 272 investigandam
1554 200 1674 252 inde
1713 189 1976 268 colligens(
2044 199 2306 254 Praeter&
2331 155 2387 267 Ι,
2416 178 2548 272 paea
2588 192 2711 265 αἱ
2704 256 2757 276 Α

228 285 483 334 caritatem
518 302 765 348 annonae,
799 302 952 351 quam
992 286 1152 336 videri
1192 304 1286 354 per
1319 304 1472 337 omne
1503 285 1679 336 Punici
1721 282 1838 333 belli
1881 291 2103 349 tempus
2122 283 2459 349 gravissimam
2483 286 2726 354 finnt?

227 377 450 434 spectare
485 369 611 417 haec
639 368 765 417 dixit
800 373 865 432 ΙΙ,
886 370 936 432 4,
958 372 1049 418 82.
1124 368 1131 373 ”
2648 401 2653 406 ·
2720 357 2755 397 3*

507 451 678 503 coena
712 454 814 503 hac
846 470 1047 504 annona
1080 467 1155 505 est
1186 459 1295 505 sine
1327 459 1496 505 sacris
1530 453 1803 503 hereditas.

232 532 349 596 Quo
382 544 617 601 potuerat
645 554 841 587 versum
876 541 919 601 1,
941 545 986 601 1,
1009 544 1071 588 10
1108 538 1320 587 addere·

500 618 685 712 Neque
716 620 991 689 quidquam
1020 621 1127 671 vile
1160 638 1295 671 nunc
1328 633 1404 673 est
1438 624 1542 674 nisi
1573 639 1737 685 mores
1770 620 1915 670 mali.-
2731 675 2733 677 .

218 699 438 774 quando
485 718 591 750 non
639 703 711 773 sic
759 704 951 752 locutus
998 713 1070 753 est
1103 714 1254 770 poeta
1293 704 1439 755 ‘nehil
1478 716 1603 759 tam
1641 704 1750 776 ,vile
1792 722 1942 773 quam
1986 703 2107 753 mali
2138 702 2313 753 mores'
2337 701 2481 767 ‚sed
2512 702 2659 756 ‘nibal
2710 705 2748 767 ἶ,

223 791 431 845 praeter
465 798 552 833 eos
586 764 720 834 ‘vile'-
797 784 895 836 Sed
927 794 1096 835 tamen
1139 803 1234 836 nec
1274 787 1469 853 scripsit
1517 795 1667 852 poeta
1709 786 1876 835 inter
1908 787 2180 836 Punicum·
2198 775 2384 836 bellum
2422 784 2670 836 'ru-inmas·
2728 817 2742 852 ,ς

229 880 399 927 ιιιιιιιι,
445 882 539 913 nec
573 883 744 915 verum
787 877 860 915 est
904 886 995 934 per
1042 849 1164 919 illud
1210 870 1502 936 perdurasse
1546 870 1814 919 caritatem.
1874 866 2060 933 Immo
2100 879 2208 919 tum
2256 879 2317 919 a·⁸
2321 872 2431 921 551
2467 874 2674 932 mutam
2730 863 2768 938 Ἃξ

226 944 374 994 fuisse
409 947 572 996 Livius
604 949 748 1014 XXX,
766 953 832 1000 38
871 967 1098 1001 annonae
1133 954 1369 1007 vilitatem
1403 963 1634 1017 testatur,
1675 962 1731 1001 ut
1774 968 1867 1019 pro
1902 961 2101 1002 vectura
2129 950 2432 1015 frumentum
2465 968 2673 1008 mem*-

226 1039 310 1078 tor
344 1032 506 1080 nautis
538 1032 871 1099 relinqueret,
921 1045 1028 1084 tum
1074 1038 1276 1085 tertium
1325 1053 1530 1117 quoque
1575 1044 1690 1100 post
1731 1050 1918 1083 annum
1955 1033 2129 1098 pervili
2175 1050 2378 1100 annona
2409 1034 2662 1100 insignem

225 1113 311 1160 lib.
327 1114 491 1177 xxxl,
517 1118 582 1163 50
618 1116 755 1164 dixit.
843 1117 1048 1167 Gravius
1084 1129 1158 1167 est
1190 1137 1282 1191 nec
1315 1119 1416 1167 fide
1452 1135 1650 1182 carens,
1690 1133 1979 1183 quanquam
2023 1133 2117 1165 nec
2161 1118 2459 1189 quicquam
2477 1116 2656 1167 infrin-

221 1213 351 1261 gens
376 1207 661 1264 nostrorum
697 1211 1100 1265 argumentorum
1144 1221 1237 1251 nec
1282 1202 1346 1251 ad
1379 1203 1563 1250 horum
1599 1202 1821 1266 ipsorum
1856 1198 2155 1249 evidentiam
2201 1199 2471 1264 accedens,
2515 1193 2665 1265 quod

220 1279 285 1328 de
326 1297 449 1330 auro
497 1285 817 1349 numinisque
860 1286 1133 1351 Philippeis
1174 1288 1473 1352 Visseringus
1508 1289 1561 1349 Ι,
1604 1303 1654 1350 p.
1689 1285 1753 1332 97
1790 1301 1866 1349 sq.
1914 1284 2204 1333 observavit.
2293 1284 2465 1348 Neque
2513 1283 2663 1333 enim
2751 1302 2759 1318 ι

220 1363 344 1413 illud
376 1369 810 1436 genuspecuniae
858 1378 975 1417 ante
1021 1371 1138 1419 belli
1173 1369 1479 1420 Macedonici
1516 1378 1745 1437 tempora
1778 1369 1981 1418 Romae·
2010 1367 2335 1416 increbruisse
2357 1402 2377 1430 ,
2420 1383 2515 1416 nec
2548 1367 2654 1416 eiua

219 1450 532 1499 mentionem
569 1452 703 1517 apud
737 1453 929 1512 Livium
964 1465 1078 1503 ante
1115 1455 1373 1513 Flaminini
1409 1454 1473 1502 de
1502 1454 1735 1519 Philippo
1767 1469 1880 1519 rege
1913 1451 2226 1516 triumphum
2262 1450 2399 1514 fieri,
2435 1450 2523 1517 qui
2557 1449 2669 1508 suit,

217 1548 262 1580 a.
300 1535 415 1584 558.
487 1535 525 1583 E
558 1553 662 1601 quo
702 1531 1014 1603 consequens
1049 1539 1149 1586 hoc
1184 1548 1273 1602 est,
1308 1538 1449 1604 quod
1484 1536 1689 1603 quidem
1737 1553 1795 1584 ex
1834 1528 1973 1601 parte
2010 1536 2158 1584 etiam
2201 1533 2400 1584 aliunde
2441 1539 2650 1598 constat,

217 1625 273 1663 ut
306 1617 483 1665 ultimo
520 1620 637 1666 artis
654 1620 906 1668 Plautinae
941 1620 1186 1670 decennio
1220 1639 1321 1670 una
1358 1638 1472 1669 cum
1492 1620 1729 1682 Asinaria,
1748 1617 2094 1682 Bacchidibus,
2127 1616 2422 1667 Curculione
2453 1616 2658 1686 (omissa⁴
2723 1674 2731 1681 .
2764 1632 2772 1645 ¹

218 1699 281 1745 ab
314 1700 640 1767 Visseringo),
684 1704 862 1767 Milite,
909 1706 1167 1769 Poenulo,
1214 1704 1469 1768 Rudente,
1513 1704 1812 1752 Truculento
1850 1703 1998 1766 etiam
2031 1702 2349 1752 Trinummus
2382 1698 2650 1751 tribuenda

221 1781 299 1845 sit,
336 1786 473 1831 cuius
511 1785 626 1833 illuc
660 1786 714 1833 hi
752 1804 917 1835 versus
954 1792 1201 1853 spectant:
1238 1792 1280 1852 Ι,
1316 1793 1365 1851 2,
1406 1790 1500 1836 115
1806 1823 1810 1825 -
2677 1776 2709 1834 -“
2772 1774 2794 1847 ,Γ

490 1868 822 1919 Nemost.'--
857 1871 1196 1922 Nummorum
1228 1872 1543 1938 Philippeum
1575 1870 1645 1920 ad
1679 1874 1780 1920 tria
1815 1872 1978 1927 milia,
2780 1859 2787 1864 ¹

221 1953 268 1995 e't
303 1966 329 1997 a
364 1950 640 2019 Visseringo
679 1955 1011 2018 praetermissi
1042 1948 1195 2018 1V,*‘0
1164 1991 1231 2018 2,
1270 1938 1698 2003 113.117.123:

489 2035 581 2083 An
619 2037 704 2084 ille
738 2048 837 2085 tam
875 2050 1003 2087 esset
1033 2039 1229 2095 stultus,
1263 2041 1354 2107 qui
1387 2039 1514 2086 mihi
1547 2037 1681 2088 mille
1717 2055 1968 2086 nummum
2004 2036 2234 2088 crederet

492 2118 787 2186 Philippum
826 2155 836 2166 .
872 2155 882 2165 .
923 2158 933 2168 .
972 2156 984 2167 .

491 2200 551 2251 Si
583 2203 718 2252 hunc
746 2220 955 2271 possum
991 2205 1077 2253 illo
1113 2205 1248 2255 mille
1281 2221 1533 2254 nummum
1562 2190 1865 2270 Philippum
1891 2199 2279 2263 circumducere.
2315 2227 2378 2234 -

492 2284 668 2361 Atque
701 2290 851 2336 etiam
886 2287 1196 2355 Philippum,
1226 2300 1539 2338 numeratum
1572 2288 1708 2336 illius
1744 2289 1798 2334 in
1833 2302 2002 2359 mensa
2034 2284 2211 2340 manu,

489 2368 636 2420 Mille
669 2388 945 2421 nummum:

227 2467 441 2514 quorum
478 2469 621 2502 versu
654 2455 802 2502 tertio
840 2455 982 2519 quod
1015 2456 1236 2522 vulgatur
1269 2456 1528 2522 Philippo,
1564 2454 1764 2503 defendi
1801 2449 2029 2519 nequit.

359 2535 460 2583 Sed
495 2541 620 2587 satis
656 2539 1062 2590 historiarumst:
1107 2550 1256 2589 restat
1285 2541 1419 2589 enim
1454 2548 1508 2587 ut
1541 2540 1706 2603 vobis,
1745 2538 1981 2587 carissimi
2012 2536 2409 2598 commilitones,
2436 2542 2651 2587 vestrae-

225 2635 324 2683 que
356 2618 628 2668 industriae
663 2638 831 2671 earum
873 2624 1156 2673 scholarum
1196 2625 1483 2672 varietatem
1530 2622 1976 2684 commendemus,
2033 2636 2156 2685 quas
2199 2617 2324 2668 infra
2362 2625 2412 2666 et
2454 2616 2653 2683 largiter

225 2704 507 2768 propositas
562 2705 738 2753 videtis
783 2716 831 2755 et
883 2724 1130 2756 novorum
1185 2708 1447 2771 nominum
1495 2707 1875 2755 clarissimorum
1920 2703 2200 2753 accessione
2240 2701 2430 2750 liberali
2474 2697 2650 2749 REGIS

226 2785 637 2835 AVGVSTISSlMI
671 2788 915 2838 beneficio
953 2789 1210 2857 insigniter
1244 2790 1624 2839 condecoratas.
1672 2790 1726 2837 in
1748 2789 1931 2853 eisque
1966 2801 2065 2835 eivs
2111 2784 2316 2833 nomine
2359 2783 2483 2849 qui,
2541 2797 2650 2830 ma-

228 2869 388 2917 sculae
419 2871 612 2920 virtutis
646 2871 949 2923 luculentum
987 2876 1284 2941 exemplum,
1321 2893 1424 2924 non
1463 2875 1581 2923 huic
1612 2882 1806 2923 tantum
1838 2870 2141 2920 universitati
2177 2870 2475 2933 nostraeque
2507 2865 2640 2929 urbi,
2679 2875 2690 2880 ‘

228 2952 316 3000 sed
351 2955 606 3004 universae
642 2955 937 3007 Germaniae
972 2960 1201 3026 singulari
1237 2959 1408 3010 decori
1446 2966 1520 3008 est
1551 2967 1701 3025 atque
1735 2954 1991 3022 voluptati.

362 3050 709 3102 Scribebamus
744 3054 949 3104 Bonnae
979 3055 1042 3105 ad
1076 3057 1303 3106 Rhenum
1338 3056 1390 3105 V.
1425 3055 1526 3104 Kal.
1560 3054 1698 3104 Mart.
1735 3052 1789 3101 A.
1829 3046 2355 3104 Clolocccxxxxlu.

402 2344 438 2383 ,ὁ
